<record><leader>00000cas a22000007a 4500</leader><controlfield tag="001">16110033</controlfield><controlfield tag="008">870630d18871990iauwr ne      0    0eng d</controlfield><datafield ind1=" " ind2=" " tag="010"><subfield code="a">sn 88059502 </subfield></datafield><datafield ind1=" " ind2=" " tag="040"><subfield code="a">INP</subfield><subfield code="b">eng</subfield><subfield code="c">INP</subfield><subfield code="d">NSD</subfield><subfield code="d">INP</subfield><subfield code="d">OCLCQ</subfield><subfield code="d">YUS</subfield><subfield code="d">OCLCF</subfield><subfield code="d">OCLCO</subfield></datafield><datafield ind1=" " ind2=" " tag="042"><subfield code="a">msc</subfield></datafield><datafield ind1="0" ind2=" " tag="130"><subfield code="a">Rockford register (Rockford, Iowa)</subfield></datafield><datafield ind1="1" ind2="0" tag="245"><subfield code="a">Rockford register.</subfield></datafield><datafield ind1=" " ind2=" " tag="260"><subfield code="a">Rockford, Floyd County, Iowa :</subfield><subfield code="b">J.S. Trigg,</subfield><subfield code="c">-1990.</subfield></datafield><datafield ind1=" " ind2=" " tag="300"><subfield code="a">v.</subfield></datafield><datafield ind1=" " ind2=" " tag="310"><subfield code="a">Weekly</subfield></datafield><datafield ind1="1" ind2=" " tag="362"><subfield code="a">Began Aug. 26 or Sept. 2, 1887.</subfield></datafield><datafield ind1="0" ind2=" " tag="362"><subfield code="a">-v. 108, no. 27 (July 4, 1990).</subfield></datafield><datafield ind1=" " ind2=" " tag="500"><subfield code="a">Publisher varies.</subfield></datafield><datafield ind1=" " ind2=" " tag="588"><subfield code="a">Description based on: Sept. 2, 1887.</subfield></datafield><datafield ind1=" " ind2="0" tag="651"><subfield code="a">Rockford (Iowa)</subfield><subfield code="v">Newspapers.</subfield></datafield><datafield ind1=" " ind2="7" tag="655"><subfield code="a">Newspapers.</subfield><subfield code="2">fast</subfield><subfield code="0">(OCoLC)fst01423814</subfield></datafield><datafield ind1=" " ind2="7" tag="651"><subfield code="a">Iowa</subfield><subfield code="z">Rockford.</subfield><subfield code="2">fast</subfield><subfield code="0">(OCoLC)fst01225401</subfield></datafield><datafield ind1=" " ind2=" " tag="752"><subfield code="a">United States</subfield><subfield code="b">Iowa</subfield><subfield code="c">Floyd</subfield><subfield code="d">Rockford.</subfield></datafield><datafield ind1="0" ind2="0" tag="780"><subfield code="t">Rockford reveille</subfield><subfield code="w">(DLC)sn 87058432</subfield></datafield><datafield ind1="0" ind2="7" tag="785"><subfield code="t">Nora Springs advertiser (Nora Springs, Iowa : 1944)</subfield><subfield code="w">(DLC)sn 92056108</subfield></datafield><datafield ind1="0" ind2="7" tag="785"><subfield code="t">Nora Springs advertiser, Rockford register</subfield><subfield code="x">1053-7139</subfield><subfield code="w">(DLC)sn 90001908</subfield></datafield></record>